@BOOK{Meschede2015,
	AUTHOR = {Meschede, Dieter},
	YEAR = {2015},
	TITLE = {Gerthsen Physik - },
	EDITION = {25. Aufl.},
	ISBN = {978-3-662-45977-5},
	PUBLISHER = {Springer-Verlag},
	ADDRESS = {Berlin Heidelberg New York},
}
@BOOK{Demtroeder2017,
	AUTHOR = {Demtroeder, Wolfgang},
	YEAR = {2017},
	TITLE = {Experimentalphysik 1 - Mechanik und W채rme},
	EDITION = {8. Aufl.},
	ISBN = {978-3-662-54847-9},
	PUBLISHER = {Springer-Verlag},
	ADDRESS = {Berlin Heidelberg New York},
}
@unpublished{PhyPra1,
author={Fakult채t f체r Physik},
title={Hilfe zum Versuch Kreisel},
school={Karlsruhe Institute of Technology},
year={2019},
note={Praktikum f체r Physiker}
}